<?xml version="1.0" encoding="UTF-8"?><collection xmlns="http://www.loc.gov/MARC21/slim"><record><leader>00330nam--2200121-i-4500</leader><controlfield tag="001">000037743</controlfield><controlfield tag="002">20161230</controlfield><controlfield tag="005">20161230201041</controlfield><controlfield tag="008">060222s1000------------r-----000-0-eng-d</controlfield><datafield ind1=" " ind2=" " tag="100"><subfield code="a">Quimby, E.H</subfield></datafield><datafield ind1=" " ind2=" " tag="245"><subfield code="a">Safe handling of radioactive isotopes in medical practice</subfield></datafield><datafield ind1=" " ind2=" " tag="260"><subfield code="a">New York, Mcmillan Co., 1960, Xii + 127p</subfield></datafield><datafield ind1=" " ind2=" " tag="852"><subfield code="a">16042</subfield></datafield></record></collection>